% Bibliography/Articles.bib
% ------------------------------------------------------------------------------
% Article citations used in the report