% Bibliography/Books.bib
% ------------------------------------------------------------------------------
% Book citation used in the report
